@misc{安装Docker步骤,
   author = {opensure},
   title = {Docker入门实战},
   howpublished = {\url{http://blog.csdn.net/opensure/article/details/46490749}}
}

