@misc{regEx入门,
   author = {deerchao},
   title = {正则表达式30分钟入门教程},
   howpublished = {\url{http://deerchao.net/tutorials/regex/regex.htm}}
}

