@misc{
    深度学习框架的评估与比较_孙镜涛,
    author = "孙镜涛",
    title = "深度学习框架的评估与比较",
    howpublished = "Website",
    year = {2016},
    note = {\url{http://www.infoq.com/cn/news/2016/01/evaluation-comparison-deep-learn}}
}
